<?xml version="1.0" encoding="UTF-8"?>
<record xmlns="http://www.loc.gov/MARC21/slim" xmlns:xsi="http://www.w3.org/2001/XMLSchema-instance" xsi:schemaLocation="http://www.loc.gov/MARC21/slim http://www.loc.gov/standards/marcxml/schema/MARC21slim.xsd">
<leader>     nam a2200265 a 4500</leader>
<controlfield tag="001">001721051</controlfield>
<controlfield tag="003">NNU</controlfield>
<controlfield tag="005">20061010171014.0</controlfield>
<controlfield tag="008">010418s1866    ua            000 0 arard</controlfield>
<datafield tag="035" ind1="9" ind2=" ">
<subfield code="a">NYUb12276668</subfield>
</datafield>
<datafield tag="035" ind1=" " ind2=" ">
<subfield code="a">(CStRLIN)NYUG01-B1816</subfield>
</datafield>
<datafield tag="040" ind1=" " ind2=" ">
<subfield code="a">WaU</subfield>
<subfield code="c">WaU</subfield>
<subfield code="d">RPB</subfield>
<subfield code="d">CStRLIN</subfield>
<subfield code="d">NNU</subfield>
</datafield>
<datafield tag="050" ind1=" " ind2="4">
<subfield code="a">BP188.2</subfield>
<subfield code="b">.S53</subfield>
</datafield>
<datafield tag="066" ind1=" " ind2=" ">
<subfield code="c">(3</subfield>
</datafield>
<datafield tag="090" ind1=" " ind2=" ">
<subfield code="a">BP188.2</subfield>
<subfield code="b">.S53</subfield>
</datafield>
<datafield tag="100" ind1="1" ind2=" ">
<subfield code="a">Shabrāwī, ʻAbd Allāh ibn Muḥammad,</subfield>
<subfield code="d">1680 or 81-1757 or 8</subfield>
<subfield code="6">880-01</subfield>
</datafield>
<datafield tag="240" ind1="1" ind2="0">
<subfield code="6">880-02</subfield>
<subfield code="a">ʻUnwān al-bayān wa-bustān al-adhhān wa-majmūʻ naṣāʼiḥ fī al-ḥikam</subfield>
</datafield>
<datafield tag="245" ind1="1" ind2="0">
<subfield code="6">880-03</subfield>
<subfield code="a">Kitāb ʻUnwān al-bayān wa-bustān al-adhhān wa-majmūʻ naṣāʼiḥ fī al-ḥikam /</subfield>
<subfield code="c">li-ʻAbd Allāh al-Shabrāwī.</subfield>
</datafield>
<datafield tag="260" ind1=" " ind2=" ">
<subfield code="6">880-04</subfield>
<subfield code="a">Miṣr :</subfield>
<subfield code="b">al-Maṭbaʻah al-Kāstilīyah,</subfield>
<subfield code="c">1382 [1866]</subfield>
</datafield>
<datafield tag="300" ind1=" " ind2=" ">
<subfield code="a">102 p. ;</subfield>
<subfield code="c">23 cm.</subfield>
</datafield>
<datafield tag="650" ind1=" " ind2="0">
<subfield code="a">Religious life</subfield>
<subfield code="x">Islam</subfield>
<subfield code="v">Early works to 1800.</subfield>
</datafield>
<datafield tag="880" ind1="1" ind2=" ">
<subfield code="6">100-01/</subfield>
<subfield code="a">شبراوي، عبد الله بن محمد.</subfield>
</datafield>
<datafield tag="880" ind1="1" ind2="0">
<subfield code="6">240-02/</subfield>
<subfield code="a">عنوان البيان والبستان الاذهان ومجموع نصائح في الحكم</subfield>
</datafield>
<datafield tag="880" ind1="1" ind2="0">
<subfield code="6">245-03/</subfield>
<subfield code="a">كتاب عنوان البيان وبستان الاذهان ومجموع نصائح في الحكم /</subfield>
<subfield code="c">لعبد الله الشبراوي.</subfield>
</datafield>
<datafield tag="880" ind1=" " ind2=" ">
<subfield code="6">260-04/</subfield>
<subfield code="a">مصر :</subfield>
<subfield code="b">المطبعة الكاستلية،</subfield>
<subfield code="c">١٣٨٢.</subfield>
</datafield>
<datafield tag="OWN" ind1=" " ind2=" ">
<subfield code="a">GENERAL</subfield>
</datafield>
<datafield tag="998" ind1=" " ind2=" ">
<subfield code="a">20010418</subfield>
<subfield code="d">20010418</subfield>
<subfield code="d">20010418</subfield>
<subfield code="n">NNU</subfield>
<subfield code="s">1</subfield>
<subfield code="t">c</subfield>
<subfield code="z">p</subfield>
</datafield>
<datafield tag="AVA" ind1=" " ind2=" ">
<subfield code="a">NYU50</subfield>
<subfield code="b">BOBST</subfield>
<subfield code="c">Main Collection</subfield>
<subfield code="d">BP188.2 .S53</subfield>
<subfield code="e">unavailable</subfield>
<subfield code="t">Unavailable</subfield>
<subfield code="f">1</subfield>
<subfield code="g">1</subfield>
<subfield code="h">N</subfield>
<subfield code="i">0</subfield>
<subfield code="j">MAIN</subfield>
<subfield code="k">0</subfield>
</datafield>
</record>
